@misc{beispiel_atl,
	title = {{ATL}-1 {Fach}},
	url = {https://drive.google.com/file/},
	author = {Mustermann, Max},
	urldate = {2024-10-22},
	date = {2024-10-22},
}